@article{Yepes2016,
author = {Yepes, Adriana and Zapata, Mauricio and Bolivar, Jhoanata and Monsalve, Alejandra and Milena, Sandra and Sierra-correa, Paula Cristina and Sierra, Andr{\'{e}}s},
file = {:C$\backslash$:/Users/PROJECT2/AppData/Local/Mendeley Ltd./Mendeley Desktop/Downloaded/Yepes et al. - 2016 - Ecuaciones alom{\'{e}}tricas de biomasa a{\'{e}}rea para la estimaci{\'{o}}n de los contenidos de carbono en manglares del Caribe Co.pdf:pdf},
keywords = {a,above ground biomass,allometric equations,carbon,carbono en bosques tropicales,contenidos y flujos de,en la actua-,es,germinans,la estimaci{\'{o}}n de los,lidad,mangle,mangroves,r,temas de inter{\'{e}}s,uno de los principales},
number = {June},
pages = {913--926},
title = {{Ecuaciones alom{\'{e}}tricas de biomasa a{\'{e}}rea para la estimaci{\'{o}}n de los contenidos de carbono en manglares del Caribe Colombiano}},
volume = {64},
year = {2016}
}
